<record><leader>00000cas a2200000 a 4500</leader><controlfield tag="001">16680233</controlfield><controlfield tag="008">870914d18371838iluwr ne      0   a0eng c</controlfield><datafield ind1=" " ind2=" " tag="010"><subfield code="a">sn 91054133 </subfield></datafield><datafield ind1=" " ind2=" " tag="040"><subfield code="a">WIH</subfield><subfield code="b">eng</subfield><subfield code="c">WIH</subfield><subfield code="d">NVF</subfield><subfield code="d">OCL</subfield><subfield code="d">ATL</subfield><subfield code="d">NVF</subfield><subfield code="d">OCLCF</subfield><subfield code="d">OCLCO</subfield><subfield code="d">AQM</subfield></datafield><datafield ind1="1" ind2=" " tag="029"><subfield code="a">AU@</subfield><subfield code="b">000020124464</subfield></datafield><datafield ind1=" " ind2=" " tag="042"><subfield code="a">pcc</subfield></datafield><datafield ind1=" " ind2=" " tag="043"><subfield code="a">n-us---</subfield></datafield><datafield ind1="0" ind2=" " tag="130"><subfield code="a">Western pioneer (Upper Alton, Ill.)</subfield></datafield><datafield ind1="1" ind2="0" tag="245"><subfield code="a">Western pioneer.</subfield></datafield><datafield ind1=" " ind2=" " tag="260"><subfield code="a">Upper Alton, Ill. :</subfield><subfield code="b">A. Smith &amp; Co.,</subfield><subfield code="c">1837-1838.</subfield></datafield><datafield ind1=" " ind2=" " tag="300"><subfield code="a">v.</subfield></datafield><datafield ind1=" " ind2=" " tag="310"><subfield code="a">Weekly</subfield></datafield><datafield ind1="1" ind2=" " tag="362"><subfield code="a">Began in 1837.</subfield></datafield><datafield ind1="0" ind2=" " tag="362"><subfield code="a">-new ser., v. 2, no. 50 (Dec. 13, 1838) = whole no. 298.</subfield></datafield><datafield ind1=" " ind2=" " tag="500"><subfield code="a">Editor: J.M. Peck.</subfield></datafield><datafield ind1=" " ind2=" " tag="515"><subfield code="a">Numerous suspensions June-Dec. 1838.</subfield></datafield><datafield ind1=" " ind2=" " tag="580"><subfield code="a">Merged with: Baptist banner (Shelbyville, Ky.), to form: Baptist banner and western pioneer.</subfield></datafield><datafield ind1=" " ind2=" " tag="588"><subfield code="a">Description based on: New ser., v. 2, no. 2 (Sept. 15, 1837) = whole no. 250.</subfield></datafield><datafield ind1=" " ind2="0" tag="650"><subfield code="a">Christianity</subfield><subfield code="z">United States</subfield><subfield code="v">Newspapers.</subfield></datafield><datafield ind1=" " ind2="0" tag="651"><subfield code="a">Upper Alton (Ill.)</subfield><subfield code="v">Newspapers.</subfield></datafield><datafield ind1=" " ind2="0" tag="651"><subfield code="a">Alton (Ill.)</subfield><subfield code="v">Newspapers.</subfield></datafield><datafield ind1=" " ind2="7" tag="650"><subfield code="a">Christianity.</subfield><subfield code="2">fast</subfield><subfield code="0">(OCoLC)fst00859599</subfield></datafield><datafield ind1=" " ind2="7" tag="651"><subfield code="a">Illinois</subfield><subfield code="z">Alton.</subfield><subfield code="2">fast</subfield><subfield code="0">(OCoLC)fst01221436</subfield></datafield><datafield ind1=" " ind2="7" tag="651"><subfield code="a">Illinois</subfield><subfield code="z">Upper Alton.</subfield><subfield code="2">fast</subfield><subfield code="0">(OCoLC)fst01221434</subfield></datafield><datafield ind1=" " ind2="7" tag="651"><subfield code="a">United States.</subfield><subfield code="2">fast</subfield><subfield code="0">(OCoLC)fst01204155</subfield></datafield><datafield ind1=" " ind2="7" tag="655"><subfield code="a">Newspapers.</subfield><subfield code="2">fast</subfield><subfield code="0">(OCoLC)fst01423814</subfield></datafield><datafield ind1=" " ind2="4" tag="655"><subfield code="a">Religious newspapers.</subfield></datafield><datafield ind1=" " ind2=" " tag="752"><subfield code="a">United States</subfield><subfield code="b">Illinois</subfield><subfield code="c">Madison</subfield><subfield code="d">Upper Alton.</subfield></datafield><datafield ind1="0" ind2="0" tag="780"><subfield code="t">Western pioneer and Baptist standard-bearer</subfield><subfield code="w">(DLC)sn 91054134</subfield><subfield code="w">(OCoLC)16680203</subfield></datafield><datafield ind1="1" ind2="7" tag="785"><subfield code="t">Baptist banner (Shelbyville, Ky.)</subfield><subfield code="w">(DLC)sn 82016162</subfield><subfield code="w">(OCoLC)9179401</subfield></datafield><datafield ind1="1" ind2="7" tag="785"><subfield code="t">Baptist banner and western pioneer</subfield><subfield code="w">(DLC)sn 82016163</subfield><subfield code="w">(OCoLC)9179734</subfield></datafield></record>